@incollection{bhat1999activity,
  title={Activity-based modeling of travel demand},
  author={Bhat, Chandra R and Koppelman, Frank S},
  booktitle={Handbook of transportation Science},
  pages={35--61},
  year={1999},
  publisher={Springer}
}

@article{eluru2010econometric,
  title={An econometric multi-dimensional choice model of activity-travel behavior},
  author={Eluru, Naveen and Pinjari, Abdul and Pendyala, Ram and Bhat, Chandra},
  journal={Transportation Letters},
  volume={2},
  number={4},
  pages={217--230},
  year={2010},
  publisher={Taylor \& Francis}
}

@article{hasnine2021tour,
  title={Tour-based mode choice modelling as the core of an activity-based travel demand modelling framework: a review of state-of-the-art},
  author={Hasnine, Md Sami and Nurul Habib, Khandker},
  journal={Transport Reviews},
  volume={41},
  number={1},
  pages={5--26},
  year={2021},
  publisher={Taylor \& Francis}
}

@book{w2016multi,
  title={The multi-agent transport simulation MATSim},
  author={W Axhausen, Kay and Horni, Andreas and Nagel, Kai},
  year={2016},
  publisher={Ubiquity Press}
}

@article{ciari2008new,
  title={A new mode choice model for a multi-agent transport simulation},
  author={Ciari, Francesco and Balmer, Michael and Axhausen, Kay W},
  journal={Arbeitsberichte Verkehrs-und Raumplanung},
  volume={529},
  year={2008},
  publisher={ETH Z{\"u}rich, IVT}
}

@article{el2017discrete,
  title={A discrete choice framework for modeling and forecasting the adoption and diffusion of new transportation services},
  author={El Zarwi, Feras and Vij, Akshay and Walker, Joan L},
  journal={Transportation Research Part C: Emerging Technologies},
  volume={79},
  pages={207--223},
  year={2017},
  publisher={Elsevier}
}

@techreport{barth2020evaluating,
  title={Evaluating Energy Efficiency Opportunities from Connected and Automated Vehicle Deployments Coupled with Shared Mobility in California},
  author={Barth, Matthew and Hao, Peng and Wu, Guoyuan and Tanvir, Shams and Wang, Chao and Gonder, Jeff and Holden, Jacob and Devall, Andrew and Sun, Bingrong},
  year={2020},
  institution={University of California-Riverside}
}

 @misc{activitysim,
    title={ActivitySim},
    year={2021},
    url={https://activitysim.github.io/activitysim/},
    journal={ActivitySim},
    publisher={Metropolitan Transportation Commission}
}

 @misc{beam,
    title={BEAM's User Guide},
    year={2021},
    url={https://beam.readthedocs.io/en/latest/users.html},
    journal={User's Guide - beam 0.7.0 documentation},
    publisher={Lawrence Berkeley National Laboratory }
}
